<record><leader>00000cas a22000007a 4500</leader><controlfield tag="001">34703693</controlfield><controlfield tag="008">960509d19021954okuwr n       0    0eng d</controlfield><datafield ind1=" " ind2=" " tag="010"><subfield code="a">sn 96087724 </subfield></datafield><datafield ind1=" " ind2=" " tag="040"><subfield code="a">OBN</subfield><subfield code="b">eng</subfield><subfield code="c">OBN</subfield><subfield code="d">OCLCQ</subfield><subfield code="d">OCLCF</subfield><subfield code="d">OCLCO</subfield></datafield><datafield ind1="1" ind2=" " tag="029"><subfield code="a">AU@</subfield><subfield code="b">000025921599</subfield></datafield><datafield ind1=" " ind2=" " tag="042"><subfield code="a">msc</subfield></datafield><datafield ind1="0" ind2="4" tag="245"><subfield code="a">The Enid events.</subfield></datafield><datafield ind1=" " ind2=" " tag="260"><subfield code="a">Enid, Okla. :</subfield><subfield code="b">F. Everett Purcell</subfield></datafield><datafield ind1=" " ind2=" " tag="300"><subfield code="a">v.</subfield></datafield><datafield ind1=" " ind2=" " tag="310"><subfield code="a">Weekly</subfield></datafield><datafield ind1="0" ind2=" " tag="362"><subfield code="a">Vol. 10, no. 29 (Apr. 24, 1902)-v. 62, no. 9 (Nov. 4, 1954).</subfield></datafield><datafield ind1=" " ind2="0" tag="651"><subfield code="a">Enid (Okla.)</subfield><subfield code="v">Newspapers.</subfield></datafield><datafield ind1=" " ind2="0" tag="651"><subfield code="a">Garfield County (Okla.)</subfield><subfield code="v">Newspapers.</subfield></datafield><datafield ind1=" " ind2="7" tag="655"><subfield code="a">Newspapers.</subfield><subfield code="2">fast</subfield><subfield code="0">(OCoLC)fst01423814</subfield></datafield><datafield ind1=" " ind2="7" tag="651"><subfield code="a">Oklahoma</subfield><subfield code="z">Enid.</subfield><subfield code="2">fast</subfield><subfield code="0">(OCoLC)fst01220626</subfield></datafield><datafield ind1=" " ind2="7" tag="651"><subfield code="a">Oklahoma</subfield><subfield code="z">Garfield County.</subfield><subfield code="2">fast</subfield><subfield code="0">(OCoLC)fst01221561</subfield></datafield><datafield ind1=" " ind2=" " tag="752"><subfield code="a">United States</subfield><subfield code="b">Oklahoma</subfield><subfield code="c">Garfield</subfield><subfield code="d">Enid.</subfield></datafield><datafield ind1="0" ind2="0" tag="780"><subfield code="t">Coming events (Enid, Okla. : 1901)</subfield><subfield code="w">(DLC)sn 96087752</subfield><subfield code="w">(OCoLC)34737264</subfield></datafield><datafield ind1="0" ind2="4" tag="780"><subfield code="t">Enid shopper</subfield><subfield code="w">(DLC)sn 96087735</subfield><subfield code="w">(OCoLC)34737531</subfield></datafield></record>